@article{aalst2016process,
  title={Process mining: data science in action},
  author={Van der Aalst, Wil MP},
  journal={Springer},
  year={2016}
}

@article{chen2015survey,
  title={A survey of traffic data visualization},
  author={Chen, Wei and Guo, Fangfang and Wang, Fei-Yue},
  journal={IEEE Transactions on intelligent transportation systems},
  volume={16},
  number={6},
  pages={2970--2984},
  year={2015},
  publisher={IEEE}
}

@article{van2011process,
  title={Process mining: a research agenda},
  author={Van der Aalst, Wil MP},
  journal={Computers in industry},
  volume={53},
  number={3},
  pages={231--244},
  year={2011},
  publisher={Elsevier}
}

@article{augusto2019automated,
  title={Automated discovery of process models from event logs: review and benchmark},
  author={Augusto, Adriano and Conforti, Raffaele and Dumas, Marlon and La Rosa, Marcello and Maggi, Fabrizio Maria and Marrella, Andrea and Mecella, Massimo and Soo, Allar},
  journal={IEEE transactions on knowledge and data engineering},
  volume={31},
  number={4},
  pages={686--705},
  year={2019},
  publisher={IEEE}
}

@inproceedings{dongen2005bpi,
  title={The BPI challenge 2012},
  author={van Dongen, Boudewijn F},
  booktitle={Business Process Intelligence Challenge},
  year={2012}
}

@article{mannhardt2016sepsis,
  title={Sepsis cases-event log},
  author={Mannhardt, Felix and de Leoni, Massimiliano and Reijers, Hajo A and van der Aalst, Wil MP},
  journal={Eindhoven University of Technology Dataset},
  year={2016}
}

@article{rozinat2008conformance,
  title={Conformance checking of processes based on monitoring real behavior},
  author={Rozinat, Anne and van der Aalst, Wil MP},
  journal={Information systems},
  volume={33},
  number={1},
  pages={64--95},
  year={2008},
  publisher={Elsevier}
}

@article{leemans2013discovering,
  title={Discovering block-structured process models from event logs-a constructive approach},
  author={Leemans, Sander JJ and Fahland, Dirk and van der Aalst, Wil MP},
  journal={International conference on applications and theory of Petri nets and concurrency},
  pages={311--329},
  year={2013},
  publisher={Springer}
}

@inproceedings{weijters2006process,
  title={Process mining with the heuristics miner-algorithm},
  author={Weijters, AJMM and Ribeiro, JTS},
  booktitle={Technische Universiteit Eindhoven, Tech. Rep. WP},
  volume={166},
  pages={1--34},
  year={2006},
  organization={Citeseer}
}

@article{wickham2010layered,
  title={A layered grammar of graphics},
  author={Wickham, Hadley},
  journal={Journal of Computational and Graphical Statistics},
  volume={19},
  number={1},
  pages={3--28},
  year={2010},
  publisher={Taylor \& Francis}
}

@article{hintze1998violin,
  title={Violin plots: a box plot-density trace synergism},
  author={Hintze, J. L. and Nelson, R. D.},
  journal={The American Statistician},
  volume={52},
  number={2},
  pages={181--184},
  year={1998},
  doi={10.1080/00031305.1998.10480559}
}

@article{weissgerber2015beyond,
  title={Beyond bar and line graphs: Time for a new data presentation paradigm},
  author={Weissgerber, T. L. and Milic, N. M. and Winham, S. J. and Garovic, V. D.},
  journal={PLOS Biology},
  volume={13},
  number={4},
  pages={e1002128},
  year={2015},
  doi={10.1371/journal.pbio.1002128}
}

@inproceedings{rehse2023visual,
  title={Process Mining Meets Visual Analytics: The Case of Conformance Checking},
  author={Rehse, J.-R. and Pufahl, L. and Grohs, M. and Klein, L.-M.},
  booktitle={Proceedings of the 56th Hawaii International Conference on System Sciences (HICSS-56)},
  year={2023},
  url={https://aisel.aisnet.org/hicss-56/os/business_process/4}
}

@article{fehrer2025interactive,
  title={An interactive approach for group-based event log exploration},
  author={Fehrer, T. and Moder, L. and R{"o}glinger, M.},
  journal={Information Systems (Special Issue on Process Mining meets Visual Analytics)},
  year={2025},
  note={in press},
  doi={10.1016/j.is.2025.102575}
}

@misc{deleoni2015traffic,
  author = {de Leoni, M. and Mannhardt, F.},
  title = {Road Traffic Fine Management Process (Event Log Dataset)},
  year = {2015},
  howpublished = {Eindhoven University of Technology / 4TU ResearchData},
  doi = {10.4121/uuid:270fd440-1057-4fb9-89a9-b699b47990f5}
}

@article{rojas2016healthcare,
  title={Process mining in healthcare: A literature review},
  author={Rojas, E. and Munoz-Gama, J. and Sep√∫lveda, M. and Capurro, D.},
  journal={Journal of Biomedical Informatics},
  volume={61},
  pages={224--236},
  year={2016},
  doi={10.1016/j.jbi.2016.04.007}
}

@misc{vandongen2012bpi,
  author = {van Dongen, B.},
  title = {BPI Challenge 2012 (Loan Application Event Log Dataset)},
  year = {2012},
  howpublished = {Eindhoven University of Technology / 4TU ResearchData},
  doi = {10.4121/uuid:3926db30-f712-4394-aebc-75976070e91f}
}
